@article{hewish_observation_1968,
	title = {Observation of a {Rapidly} {Pulsating} {Radio} {Source}},
	volume = {217},
	issn = {1476-4687},
	url = {https://doi.org/10.1038/217709a0},
	doi = {10.1038/217709a0},
	abstract = {Unusual signals from pulsating radio sources have been recorded at the Mullard Radio Astronomy Observatory. The radiation seems to come from local objects within the galaxy, and may be associated with oscillations of white dwarf or neutron stars.},
	number = {5130},
	journal = {Nature},
	author = {HEWISH, A. and BELL, S. J. and PILKINGTON, J. D. H. and SCOTT, P. F. and COLLINS, R. A.},
	month = feb,
	year = {1968},
	pages = {709--713},
}

@BOOK{pulsar_handbook,
       author = {{Lorimer}, D.~R. and {Kramer}, M.},
        title = "{Handbook of Pulsar Astronomy}",
         year = 2004,
       volume = {4},
       publisher = {Cambridge University Press},
       adsurl = {https://ui.adsabs.harvard.edu/abs/2004hpa..book.....L},
      adsnote = {Provided by the SAO/NASA Astrophysics Data System}
}
