%           A short optics book BiBTeX file than can be include
%           and cites in any article. Note this file can contain
%           MORE entries than you use in any article and the
%           unused one will NOT be printed.

@Book{ob:bornwolf,
     author = "Born, M and Wolf, E",
     title  = "Principles of Optics",
     publisher = "Cambridge University Press",
     year = 1999,
     edition = 7}

@Book{ob:goodmanfourier,
      author = "Goodman, J.W.",
      title = "Introduction to Fourier Optics",
      publisher = "MaGraw-Hill",
      year = 1996,
      edition = 2}

@Book{ob:hechtoptics,
      author = "Hecht, E.",
      title = "Optics",
      publisher = "Addison-Wesley",
      year =  1998,
      edition = 4}

@Book{ob:longhurst,
      author = "Longhurst, R.S.",
      title = "Geometrical and Physical Optics",
      publisher = Longman,
      year = 1973,
      edition = 3,
      note = "out of print"}

@Book{ob:fowles,
     author =  "Fowles, G.F",
     title = "Introduction to Modern Optics",
     publisher = "Longman",
     year = "1987",
     edition = 2}

@Book{ob:guenther,
       author = "Guenther, R",
       title = "Modern Optics",
       publisher = "Wiley",
       year = 1990 }

@Book{ob:kleinfurtak,
       author = "Klein M.V. and Furtak, T.E.",
       title = "Optics",
       publisher = "Wiley",
       year = 1986,
       edition = 2}

@Book{ob:kingslake,
      author = "Kingslake, R",
      title = "Lens Design Fundamentals",
      publisher = "Academic Press",
      year = 1978}

@Book{ob:welford,
      author = "Welford W.T.",
      title = "Abrrations of the Symmetrical Optical System",
      publisher = "Academic Press",
      year = 1974}



